@inproceedings{chen2016xgboost,
  title={Xgboost: A scalable tree boosting system},
  author={Chen, Tianqi and Guestrin, Carlos},
  booktitle={Proceedings of the 22nd acm sigkdd international conference on knowledge discovery and data mining},
  pages={785--794},
  year={2016}
}

@article{lundberg2020local2global,
	title={From local explanations to global understanding with explainable AI for trees},
	author={Lundberg, Scott M. and Erion, et al.},
	journal={Nature Machine Intelligence},
	volume={2},
	number={1},
	pages={2522-5839},
	year={2020},
	publisher={Nature Publishing Group}
}

@article{scikit-learn,
	title={Scikit-learn: Machine Learning in {P}ython},
	author={Pedregosa, F. and Varoquaux, et al.},
	journal={Journal of Machine Learning Research},
	volume={12},
	pages={2825--2830},
	year={2011}
}


@misc{editor_regression_nodate,
	title = {Regression {Analysis}: {How} {Do} {I} {Interpret} {R}-squared and {Assess} the {Goodness}-of-{Fit}?},
	shorttitle = {Regression {Analysis}},
	url = {https://blog.minitab.com/blog/adventures-in-statistics-2/regression-analysis-how-do-i-interpret-r-squared-and-assess-the-goodness-of-fit},
	abstract = {Regression Analysis: How Do I Interpret R-squared and Assess the Goodness-of-Fit?},
	language = {blog},
	urldate = {2020-06-01},
	note = {Library Catalog: blog.minitab.com}
}

@misc{editor_how_regression,
	title = {How to {Interpret} a {Regression} {Model} with {Low} {R}-squared and {Low} {P} values},
	url = {https://blog.minitab.com/blog/adventures-in-statistics-2/how-to-interpret-a-regression-model-with-low-r-squared-and-low-p-values},
	abstract = {How to Interpret a Regression Model with Low R-squared and Low P values},
	language = {blog},
	urldate = {2020-06-01},
	author = {Editor, Minitab Blog}
}
