% This file was created with JabRef 2.10.
% Encoding: Cp1250


@String { ACC       = {} }
@String { ACCV      = {Proc. Asian Conf. Computer Vision} }
@String { AHJ       = {Am. Heart J.} }
@String { AI        = {Artificial Intelligence} }
@String { AIAAJG    = {AIAA J. of Guidance} }
@String { AJC       = {Am. J. Cardiol.} }
@String { AJMAA     = {Australian J. Math. Analysis and Applications} }
@String { AMDO      = {Intl. Conf. Articulated Motion And Deformable Objects} }
@String { ANMS      = {Annals of Math. Statistics} }
@String { AO        = {Appl. Optics} }
@String { AP        = {Academic Press} }
@String { ARRD      = {Am. Rev. Resp. Dis.} }
@String { AS        = {Annaly of Statistics} }
@String { AUT       = {Automatica} }
@String { AVSS      = {Advanced Video and Signal Based Surveillance} }
@String { AW        = {Addison-Wesley} }
@String { BC        = {Biol. Cybernetics} }
@String { BMVC      = {Proc. British Machine Vision Conference} }
@String { CACM      = {Comm. of the ACM} }
@String { CAIP95    = {Int Conf. Comp. Anal. Images and Patterns} }
@String { CGIP      = {Comp. Graphics and Image Proc.} }
@String { CinC      = {Computers in Cardiology} }
@String { CJ        = {Comp. Journal} }
@String { CSDA      = {Comput. Stat. Data Analysis} }
@String { CSTM      = {Commu. Statist. Theory and Methods} }
@String { CVGIP     = {Comp. Vision, Graphics, and Image Proc.} }
@String { CVGIPG    = {CVGIP -- Graph. Models and Image Proc.} }
@String { CVGIPI    = {CVGIP -- Image Understanding} }
@String { CVIU      = {Comp. Vis. Image Understanding} }
@String { CVPR      = {Comp. Vis. Patt. Recognition} }
@String { DAGM      = {Ann. Symp. German Association Patt. Recogn.} }
@String { ECCV      = {Proc. European Conf. Computer Vision} }
@String { EHJ       = {Eur. Heart J.} }
@String { ER        = {Electrotechnical Review} }
@String { GMIP      = {Graph. Models and Image Proc.} }
@String { IBM       = {IBM J. of Research and Development} }
@String { ICARCV    = {Int. Conf. Control Aut. Rob. and Vision} }
@String { ICASSP    = {Proc. Int. Conf. Acoust., Speech, Signal Processing} }
@String { ICCV      = {Int. Conf. Computer Vision} }
@String { ICIAP     = {Proc. Int. Conf. Image Analysis and Processing} }
@String { ICIG      = {Proc. Int. Conf. Image and Graphics} }
@String { ICIP      = {Proc. Int. Conf. Image Processing} }
@String { ICML      = {Proc. Int. Conf. Mach. Learning} }
@String { ICPP      = {Int. Conf. Parallel Processing} }
@String { ICPR      = {Proc. Int. Conf. Pattern Recognition} }
@String { ICRA      = {Int. Conf. Robotics and Automation} }
@String { IEEAC     = {IEEE Trans. Automatic Control} }
@String { IEEEAES   = {IEEE Trans. Aerospace and Electronic Systems} }
@String { IEEEASSP  = {IEEE Trans. Acoustics, Speech, and Signal Proc.} }
@String { IEEEBME   = {IEEE Trans. Biomed. Eng.} }
@String { IEEECOMM  = {IEEE Trans. Communications} }
@String { IEEECOMMT = {IEEE Trans. Communications Technology} }
@String { IEEECOMP  = {IEEE Trans. Computers} }
@String { IEEEFS    = {IEEE Trans. Fuzzy Systems} }
@String { IEEEGRS   = {IEEE Trans. Geoscience and Remote Sensing} }
@String { IEEEICIP  = {Proc. IEEE Int. Conf. Image Processing} }
@String { IEEEIP    = {IEEE Trans. Image Proc.} }
@String { IEEEIT    = {IEEE Trans. Information Theory} }
@String { IEEEKDE   = {IEEE Trans. Knowledge and Data Eng.} }
@String { IEEEMI    = {IEEE Trans. Med. Imaging} }
@String { IEEEPAMI  = {IEEE Trans. Pattern Anal. Mach. Intell.} }
@String { IEEESE    = {IEEE Trans. Software Eng.} }
@String { IEEESMCB  = {IEEE Trans. Systems, Man and Cybernetics, B} }
@String { IEEESMCC  = {IEEE Trans. Systems, Man and Cybernetics, C} }
@String { IEEESP    = {IEEE Trans. Signal Proc.} }
@String { IEEETIP   = {} }
@String { IEEETMI   = {IEEE Trans. Med. Imaging} }
@String { IEEETNN   = {IEEE Trans. Neural Networks} }
@String { IEERSN    = {IEE Proceedings Radar, Sonar and Navigation} }
@String { IEEVISP   = {IEE Proceedings Vision, Image and Signal Processing} }
@String { IJCI      = {Int. J. Cardiac Imag.} }
@String { IJCV      = {Int. J. Comput. Vision} }
@String { IJPP      = {Int. J. Parallel Programming} }
@String { IJPRAI    = {Int. Journal of Pattern Recognition and Artificial Intelligence} }
@String { IJRR      = {Int. Journal of Robotics Research} }
@String { IPA       = {Int. Conf. Image Proc. Applications} }
@String { IPPS      = {Int. Parallel Processing Symposium} }
@String { IROS      = {Int. Conf. Intell. Robots and Systems} }
@String { IS        = {Inform. Sci.} }
@String { ISISPA    = {Proc. Int. Symp. Image and Signal Processing and Analysis} }
@String { IVC       = {Image and Vision Computing} }
@String { JACC      = {J. Am. Coll. Cardiol.} }
@String { JAP       = {J. Applied Physiology} }
@String { JAR       = {Auton. Robots} }
@String { JASA      = {J. Amer. Stat. Assoc.} }
@String { JCAT      = {J. Comp. Asst. Tomog.} }
@String { JCGS      = {J. Comp. and Graph. Statistics} }
@String { JE        = {J. of Econometrics} }
@String { JMS       = {J. Multimed. Syst.} }
@String { JORS      = {J. of the Operational Research Society} }
@String { JRSS      = {J. Royal Statistical Society} }
@String { JSMPF     = {J. Sports Med. and Phys. Fitness} }
@String { JVCIR     = {J.~Visual Comm. and Image Rep.} }
@String { JW        = {John Wiley and Sons} }
@String { KLUWER    = {Kluwer Academic Publishers} }
@String { MH        = {McGraw Hill} }
@String { NEJM      = {New Engl. J. Med.} }
@String { NH        = {North Holland} }
@String { NIPS      = {Neural Inf. Proc. Systems} }
@String { NN        = {Neural Networks} }
@String { OE        = {Ocean Engineering} }
@String { PETS      = {Perf. Eval. Track. and Surveillance} }
@String { PH        = {Prentice-Hall} }
@String { PMB       = {Phys. in Medic. \& Biol.} }
@String { PR        = {Patt. Recogn.} }
@String { PRL       = {Patt. Recogn. Lett.} }
@String { PROCIEEE  = {Proc. of the IEEE} }
@String { RAM       = {Int. Conf. Robotics, Aut. Mechatronics} }
@String { ROSUS     = {Ra{\v c}unalni{\v s}ka obdelava slik in njena uporaba v Sloveniji} }
@String { RTI       = {Real-time imaging} }
@String { SIGGRAPH  = {Proc. ACM Siggraph} }
@String { SOE       = {Society for Optical Engineering} }
@String { SP        = {Signal Processing} }
@String { SPE       = {Software -- Practice and Experience} }
@String { SPIEBIP   = {Proc. SPIE Conf. Biomed. Image Proc. and Biomed. Visual.} }
@String { SPIEMI    = {Proc. SPIE Conf. Medical Imaging} }
@String { SPIEMM    = {Proc. SPIE Conf. Image Algebra Math. Morph. Image Proc.} }
@String { SPIEVBC   = {Proc. SPIE Conf. Visual. in Biomed. Comp.} }
@String { SPIEVC    = {Proc. SPIE Conf. Visual Comm.} }
@String { SPIEVCIP  = {Proc. SPIE Conf. Visual Comm. and Image Proc.} }
@String { SV        = {Springer Verlag} }
@String { TPDS      = {IEEE Transactions on Parallel and Distributed Systems} }
@String { VISAPP    = { Intl.l Conf. Comp. Vis., Imaging and Comp. Graph. Theory and Applications} }

@article{RAYMOND2008213,
	title = "Project management information systems: An empirical study of their impact on project managers and project success",
	journal = "International Journal of Project Management",
	volume = "26",
	number = "2",
	pages = "213 - 220",
	year = "2008",
	issn = "0263-7863",
	doi = "https://doi.org/10.1016/j.ijproman.2007.06.002",
	url = "http://www.sciencedirect.com/science/article/pii/S0263786307000981",
	author = "Louis Raymond and Fran√ßois Bergeron",
	keywords = "PMIS, Project management information system, Project manager, IS success, IS impacts, Project success",
	abstract = "Project management information systems (PMIS) usually acquired by organizations as software packages are meant to provide managers with the decision-making support needed in planning, organizing, and controlling projects. However, the actual contribution of PMIS to project success or performance is still unknown. The purpose of this study is to empirically assess the quality of the PMIS presently used in organizations and to examine their impact on project managers and project performance, based on a PMIS success model. This model is composed of five constructs: the quality of the PMIS, the quality of the PMIS information output, the use of the PMIS, the individual impacts of the PMIS and the impacts of the PMIS on project success. Analysis of questionnaire data obtained from 39 project managers confirms the significant contribution of PMIS to successful project management. Improvements in effectiveness and efficiency in managerial tasks were observed here in terms of better project planning, scheduling, monitoring, and control. Improvements were also observed in terms of timelier decision-making. Advantages obtained from PMIS use are not limited to individual performance but also include project performance. These systems were found to have direct impacts on project success, as they contribute to improving budget control and meeting project deadlines as well as fulfilling technical specifications."
}

